@book{Hundsdorfer2003,
  address   = {Berlin, Heidelberg},
  series    = {Springer {Series} in {Computational} {Mathematics}},
  title     = {Numerical {Solution} of {Time}-{Dependent} {Advection}-{Diffusion}-{Reaction} {Equations}},
  volume    = {33},
  isbn      = {978-3-642-05707-6 978-3-662-09017-6},
  url       = {http://link.springer.com/10.1007/978-3-662-09017-6},
  urldate   = {2023-09-19},
  publisher = {Springer},
  author    = {Hundsdorfer, Willem and Verwer, Jan},
  year      = {2003},
  doi       = {10.1007/978-3-662-09017-6},
  keywords  = {Evolution Equations, Numerical Integration, Numerical Mathematics, numerical methods, ordinary differential equations, partial differential equation, Partial Differential Equations, Transport-Chemistry Problems}
}
