@book{Hundsdorfer2003,
  address   = {Berlin, Heidelberg},
  author    = {Hundsdorfer, Willem and Verwer, Jan},
  isbn      = {978-3-662-09017-6},
  publisher = {Springer},
  series    = {Springer {Series} in {Computational} {Mathematics}},
  title     = {Numerical {Solution} of {Time}-{Dependent} {Advection}-{Diffusion}-{Reaction} {Equations}},
  volume    = {33},
  year      = {2003},
  keywords  = {book}
}

@book{choksi_partial_2022,
  author     = {Choksi, Rustum},
  isbn       = {978-1-4704-6491-2},
  keywords   = {Mathematics / General},
  month      = {apr},
  publisher  = {American Mathematical Society},
  shorttitle = {Partial {Differential} {Equations}},
  title      = {Partial {Differential} {Equations}: {A} {First} {Course}},
  year       = {2022},
  keywords   = {book}
}

@book{salgado_classical_2022,
  author    = {Salgado, Abner J. and Wise, Steven M.},
  isbn      = {978-1-108-94260-7},
  month     = {sep},
  publisher = {Cambridge University Press},
  title     = {Classical {Numerical} {Analysis}: {A} {Comprehensive} {Course}},
  year      = {2022},
  keywords  = {book}
}

@book{hesthaven_numerical_2018,
  series    = {Computational {Science} \& {Engineering}},
  title     = {Numerical {Methods} for {Conservation} {Laws}},
  isbn      = {978-1-61197-509-3},
  publisher = {Society for Industrial and Applied Mathematics},
  author    = {Hesthaven, Jan S.},
  month     = {feb},
  year      = {2018},
  keywords  = {book}
}

@book{leveque_numerical_1992,
  address   = {Basel},
  title     = {Numerical {Methods} for {Conservation} {Laws}},
  isbn      = {978-3-7643-2723-1},
  publisher = {Birkh√§user},
  author    = {LeVeque, Randall J.},
  year      = {1992},
  keywords  = {book}
}

@book{leveque_finite_2007,
  series    = {Other {Titles} in {Applied} {Mathematics}},
  title     = {Finite {Difference} {Methods} for {Ordinary} and {Partial} {Differential} {Equations}},
  isbn      = {978-0-89871-629-0},
  urldate   = {2023-10-04},
  publisher = {Society for Industrial and Applied Mathematics},
  author    = {LeVeque, Randall J.},
  month     = {jan},
  year      = {2007},
  keywords  = {book}
}

@book{hirsch_2007,
  title     = {Numerical {C}omputation of {I}nternal and {E}xternal {F}lows},
  isbn      = {978-0-7506-6594-0},
  urldate   = {2024-02-11},
  publisher = {Butterworth-Heinemann},
  author    = {Charles Hirsch},
  year      = {2007},
  keywords  = {book}
}

@phdthesis{sousa2001a,
  publisher = {University of Oxford},
  school    = {University of Oxford},
  title     = {Finite differences for the convection-diffusion equation},
  author    = {Sousa, E and Sousa, Ercilia},
  year      = {2001}
}
